@report{telemetry-format,
    title = {{CU} {InSpace} Radio Packet Format},
    url = {
           https://github.com/CarletonURocketry/telemetry-format/blob/gh-pages/radio_packet_format.pdf
           },
    author = {Samuel Dewan, Matteo Golin},
    urldate = {2024-10-26},
    date = {2021-10-10},
}

@image{sd-card-cage,
    url = {https://www.mouser.ca/images/jaeelectronics/hd/ST1W008S4T_SPL.jpg},
    urldate = {2024-10-26},
    author = {JAE Electronics},
    publisher = {Mouser Electronics},
}
